%YAML 1.1
%TAG !u! tag:unity3d.com,2011:
--- !u!1 &7737653218494423131
GameObject:
  m_ObjectHideFlags: 0
  m_CorrespondingSourceObject: {fileID: 0}
  m_PrefabInstance: {fileID: 0}
  m_PrefabAsset: {fileID: 0}
  serializedVersion: 6
  m_Component:
  - component: {fileID: 3645269225835059025}
  - component: {fileID: 4575187688009453043}
  m_Layer: 0
  m_Name: Pack
  m_TagString: Untagged
  m_Icon: {fileID: 0}
  m_NavMeshLayer: 0
  m_StaticEditorFlags: 0
  m_IsActive: 1
--- !u!4 &3645269225835059025
Transform:
  m_ObjectHideFlags: 0
  m_CorrespondingSourceObject: {fileID: 0}
  m_PrefabInstance: {fileID: 0}
  m_PrefabAsset: {fileID: 0}
  m_GameObject: {fileID: 7737653218494423131}
  m_LocalRotation: {x: 0, y: 0, z: 0, w: 1}
  m_LocalPosition: {x: 0.36, y: 1.57, z: 1.0445817}
  m_LocalScale: {x: 1, y: 1, z: 1}
  m_ConstrainProportionsScale: 0
  m_Children:
  - {fileID: 4795786530861457764}
  - {fileID: 5393381334275091376}
  - {fileID: 5658338313290250924}
  - {fileID: 4920870610958601081}
  - {fileID: 4009948822444268522}
  - {fileID: 3812329015300212058}
  - {fileID: 1530428855026040006}
  - {fileID: 1213204242706379266}
  - {fileID: 2532240759639882005}
  - {fileID: 1077919658862111223}
  - {fileID: 1703512116255743619}
  - {fileID: 7278447846671355474}
  - {fileID: 7748776111012948591}
  - {fileID: 1672807877304782041}
  - {fileID: 6679420839590677967}
  - {fileID: 3874624347913641338}
  - {fileID: 3300109995187873070}
  - {fileID: 6015621996727400316}
  - {fileID: 8700737341997479316}
  - {fileID: 2201145334281864477}
  m_Father: {fileID: 0}
  m_RootOrder: 8
  m_LocalEulerAnglesHint: {x: 0, y: 0, z: 0}
--- !u!114 &4575187688009453043
MonoBehaviour:
  m_ObjectHideFlags: 0
  m_CorrespondingSourceObject: {fileID: 0}
  m_PrefabInstance: {fileID: 0}
  m_PrefabAsset: {fileID: 0}
  m_GameObject: {fileID: 7737653218494423131}
  m_Enabled: 1
  m_EditorHideFlags: 0
  m_Script: {fileID: 11500000, guid: ae2b722b61129474abdcbd1b2cbcc5d1, type: 3}
  m_Name: 
  m_EditorClassIdentifier: 
  blobs:
  - {fileID: 233964244001004597}
  - {fileID: 821934363095291617}
  - {fileID: 1096432970353264637}
  - {fileID: 431020596421457448}
  - {fileID: 8509279332731086523}
  - {fileID: 8455831862699980811}
  - {fileID: 6092270381192610199}
  - {fileID: 5865676392758873939}
  - {fileID: 7103699164299691076}
  - {fileID: 5711885367937455270}
  - {fileID: 6202912935089824722}
  - {fileID: 2644464611981964035}
  - {fileID: 3042205309117306686}
  - {fileID: 6234735242460082568}
  - {fileID: 2090561450437243038}
  - {fileID: 8391425591361134635}
  - {fileID: 7817514217449756799}
  - {fileID: 1354161923234286125}
  - {fileID: 4111225497650153669}
  - {fileID: 6862695600000481356}
  midlePoint: {x: 0, y: 0}
  hold: 0
  holdPoint: {x: 0, y: 0}
  id: 0
  inMerge: 0
  color: {r: 0, g: 0, b: 0, a: 0}
  inSell: 0
  blobPrice: 1
  defaultDrag: 3
  holdDrag: 8
  mergableData: {fileID: 0}
--- !u!1001 &74532253673721220
PrefabInstance:
  m_ObjectHideFlags: 0
  serializedVersion: 2
  m_Modification:
    serializedVersion: 3
    m_TransformParent: {fileID: 3645269225835059025}
    m_Modifications:
    - target: {fileID: 1152148028396695617, guid: eafd669f1ac56a741ae6de15d2b017c0, type: 3}
      propertyPath: m_Color.b
      value: 1
      objectReference: {fileID: 0}
    - target: {fileID: 1152148028396695617, guid: eafd669f1ac56a741ae6de15d2b017c0, type: 3}
      propertyPath: m_Color.g
      value: 0
      objectReference: {fileID: 0}
    - target: {fileID: 1152148028396695617, guid: eafd669f1ac56a741ae6de15d2b017c0, type: 3}
      propertyPath: m_Color.r
      value: 0
      objectReference: {fileID: 0}
    - target: {fileID: 1152148029892650062, guid: eafd669f1ac56a741ae6de15d2b017c0, type: 3}
      propertyPath: m_Name
      value: tile (9)
      objectReference: {fileID: 0}
    - target: {fileID: 1152148029892650099, guid: eafd669f1ac56a741ae6de15d2b017c0, type: 3}
      propertyPath: m_RootOrder
      value: -1
      objectReference: {fileID: 0}
    - target: {fileID: 1152148029892650099, guid: eafd669f1ac56a741ae6de15d2b017c0, type: 3}
      propertyPath: m_LocalPosition.x
      value: -0.2594061
      objectReference: {fileID: 0}
    - target: {fileID: 1152148029892650099, guid: eafd669f1ac56a741ae6de15d2b017c0, type: 3}
      propertyPath: m_LocalPosition.y
      value: -0.063369155
      objectReference: {fileID: 0}
    - target: {fileID: 1152148029892650099, guid: eafd669f1ac56a741ae6de15d2b017c0, type: 3}
      propertyPath: m_LocalPosition.z
      value: -1.0445817
      objectReference: {fileID: 0}
    - target: {fileID: 1152148029892650099, guid: eafd669f1ac56a741ae6de15d2b017c0, type: 3}
      propertyPath: m_LocalRotation.w
      value: 1
      objectReference: {fileID: 0}
    - target: {fileID: 1152148029892650099, guid: eafd669f1ac56a741ae6de15d2b017c0, type: 3}
      propertyPath: m_LocalRotation.x
      value: -0
      objectReference: {fileID: 0}
    - target: {fileID: 1152148029892650099, guid: eafd669f1ac56a741ae6de15d2b017c0, type: 3}
      propertyPath: m_LocalRotation.y
      value: -0
      objectReference: {fileID: 0}
    - target: {fileID: 1152148029892650099, guid: eafd669f1ac56a741ae6de15d2b017c0, type: 3}
      propertyPath: m_LocalRotation.z
      value: -0
      objectReference: {fileID: 0}
    - target: {fileID: 1152148029892650099, guid: eafd669f1ac56a741ae6de15d2b017c0, type: 3}
      propertyPath: m_LocalEulerAnglesHint.x
      value: 0
      objectReference: {fileID: 0}
    - target: {fileID: 1152148029892650099, guid: eafd669f1ac56a741ae6de15d2b017c0, type: 3}
      propertyPath: m_LocalEulerAnglesHint.y
      value: 0
      objectReference: {fileID: 0}
    - target: {fileID: 1152148029892650099, guid: eafd669f1ac56a741ae6de15d2b017c0, type: 3}
      propertyPath: m_LocalEulerAnglesHint.z
      value: 0
      objectReference: {fileID: 0}
    m_RemovedComponents: []
    m_RemovedGameObjects: []
    m_AddedGameObjects: []
    m_AddedComponents: []
  m_SourcePrefab: {fileID: 100100000, guid: eafd669f1ac56a741ae6de15d2b017c0, type: 3}
--- !u!4 &1077919658862111223 stripped
Transform:
  m_CorrespondingSourceObject: {fileID: 1152148029892650099, guid: eafd669f1ac56a741ae6de15d2b017c0, type: 3}
  m_PrefabInstance: {fileID: 74532253673721220}
  m_PrefabAsset: {fileID: 0}
--- !u!114 &5711885367937455270 stripped
MonoBehaviour:
  m_CorrespondingSourceObject: {fileID: 5642020541392083234, guid: eafd669f1ac56a741ae6de15d2b017c0, type: 3}
  m_PrefabInstance: {fileID: 74532253673721220}
  m_PrefabAsset: {fileID: 0}
  m_GameObject: {fileID: 0}
  m_Enabled: 1
  m_EditorHideFlags: 0
  m_Script: {fileID: 11500000, guid: 43a1397019db0554ca2e85e94cff59c9, type: 3}
  m_Name: 
  m_EditorClassIdentifier: 
--- !u!1001 &1256867700039999854
PrefabInstance:
  m_ObjectHideFlags: 0
  serializedVersion: 2
  m_Modification:
    serializedVersion: 3
    m_TransformParent: {fileID: 3645269225835059025}
    m_Modifications:
    - target: {fileID: 1152148028396695617, guid: eafd669f1ac56a741ae6de15d2b017c0, type: 3}
      propertyPath: m_Color.b
      value: 1
      objectReference: {fileID: 0}
    - target: {fileID: 1152148028396695617, guid: eafd669f1ac56a741ae6de15d2b017c0, type: 3}
      propertyPath: m_Color.g
      value: 0
      objectReference: {fileID: 0}
    - target: {fileID: 1152148028396695617, guid: eafd669f1ac56a741ae6de15d2b017c0, type: 3}
      propertyPath: m_Color.r
      value: 0
      objectReference: {fileID: 0}
    - target: {fileID: 1152148029892650062, guid: eafd669f1ac56a741ae6de15d2b017c0, type: 3}
      propertyPath: m_Name
      value: tile (19)
      objectReference: {fileID: 0}
    - target: {fileID: 1152148029892650099, guid: eafd669f1ac56a741ae6de15d2b017c0, type: 3}
      propertyPath: m_RootOrder
      value: -1
      objectReference: {fileID: 0}
    - target: {fileID: 1152148029892650099, guid: eafd669f1ac56a741ae6de15d2b017c0, type: 3}
      propertyPath: m_LocalPosition.x
      value: -0.2594061
      objectReference: {fileID: 0}
    - target: {fileID: 1152148029892650099, guid: eafd669f1ac56a741ae6de15d2b017c0, type: 3}
      propertyPath: m_LocalPosition.y
      value: -0.063369155
      objectReference: {fileID: 0}
    - target: {fileID: 1152148029892650099, guid: eafd669f1ac56a741ae6de15d2b017c0, type: 3}
      propertyPath: m_LocalPosition.z
      value: -1.0445817
      objectReference: {fileID: 0}
    - target: {fileID: 1152148029892650099, guid: eafd669f1ac56a741ae6de15d2b017c0, type: 3}
      propertyPath: m_LocalRotation.w
      value: 1
      objectReference: {fileID: 0}
    - target: {fileID: 1152148029892650099, guid: eafd669f1ac56a741ae6de15d2b017c0, type: 3}
      propertyPath: m_LocalRotation.x
      value: -0
      objectReference: {fileID: 0}
    - target: {fileID: 1152148029892650099, guid: eafd669f1ac56a741ae6de15d2b017c0, type: 3}
      propertyPath: m_LocalRotation.y
      value: -0
      objectReference: {fileID: 0}
    - target: {fileID: 1152148029892650099, guid: eafd669f1ac56a741ae6de15d2b017c0, type: 3}
      propertyPath: m_LocalRotation.z
      value: -0
      objectReference: {fileID: 0}
    - target: {fileID: 1152148029892650099, guid: eafd669f1ac56a741ae6de15d2b017c0, type: 3}
      propertyPath: m_LocalEulerAnglesHint.x
      value: 0
      objectReference: {fileID: 0}
    - target: {fileID: 1152148029892650099, guid: eafd669f1ac56a741ae6de15d2b017c0, type: 3}
      propertyPath: m_LocalEulerAnglesHint.y
      value: 0
      objectReference: {fileID: 0}
    - target: {fileID: 1152148029892650099, guid: eafd669f1ac56a741ae6de15d2b017c0, type: 3}
      propertyPath: m_LocalEulerAnglesHint.z
      value: 0
      objectReference: {fileID: 0}
    m_RemovedComponents: []
    m_RemovedGameObjects: []
    m_AddedGameObjects: []
    m_AddedComponents: []
  m_SourcePrefab: {fileID: 100100000, guid: eafd669f1ac56a741ae6de15d2b017c0, type: 3}
--- !u!4 &2201145334281864477 stripped
Transform:
  m_CorrespondingSourceObject: {fileID: 1152148029892650099, guid: eafd669f1ac56a741ae6de15d2b017c0, type: 3}
  m_PrefabInstance: {fileID: 1256867700039999854}
  m_PrefabAsset: {fileID: 0}
--- !u!114 &6862695600000481356 stripped
MonoBehaviour:
  m_CorrespondingSourceObject: {fileID: 5642020541392083234, guid: eafd669f1ac56a741ae6de15d2b017c0, type: 3}
  m_PrefabInstance: {fileID: 1256867700039999854}
  m_PrefabAsset: {fileID: 0}
  m_GameObject: {fileID: 0}
  m_Enabled: 1
  m_EditorHideFlags: 0
  m_Script: {fileID: 11500000, guid: 43a1397019db0554ca2e85e94cff59c9, type: 3}
  m_Name: 
  m_EditorClassIdentifier: 
--- !u!1001 &1754529982414437104
PrefabInstance:
  m_ObjectHideFlags: 0
  serializedVersion: 2
  m_Modification:
    serializedVersion: 3
    m_TransformParent: {fileID: 3645269225835059025}
    m_Modifications:
    - target: {fileID: 1152148028396695617, guid: eafd669f1ac56a741ae6de15d2b017c0, type: 3}
      propertyPath: m_Color.b
      value: 1
      objectReference: {fileID: 0}
    - target: {fileID: 1152148028396695617, guid: eafd669f1ac56a741ae6de15d2b017c0, type: 3}
      propertyPath: m_Color.g
      value: 0
      objectReference: {fileID: 0}
    - target: {fileID: 1152148028396695617, guid: eafd669f1ac56a741ae6de15d2b017c0, type: 3}
      propertyPath: m_Color.r
      value: 0
      objectReference: {fileID: 0}
    - target: {fileID: 1152148029892650062, guid: eafd669f1ac56a741ae6de15d2b017c0, type: 3}
      propertyPath: m_Name
      value: tile (10)
      objectReference: {fileID: 0}
    - target: {fileID: 1152148029892650099, guid: eafd669f1ac56a741ae6de15d2b017c0, type: 3}
      propertyPath: m_RootOrder
      value: -1
      objectReference: {fileID: 0}
    - target: {fileID: 1152148029892650099, guid: eafd669f1ac56a741ae6de15d2b017c0, type: 3}
      propertyPath: m_LocalPosition.x
      value: -0.2594061
      objectReference: {fileID: 0}
    - target: {fileID: 1152148029892650099, guid: eafd669f1ac56a741ae6de15d2b017c0, type: 3}
      propertyPath: m_LocalPosition.y
      value: -0.063369155
      objectReference: {fileID: 0}
    - target: {fileID: 1152148029892650099, guid: eafd669f1ac56a741ae6de15d2b017c0, type: 3}
      propertyPath: m_LocalPosition.z
      value: -1.0445817
      objectReference: {fileID: 0}
    - target: {fileID: 1152148029892650099, guid: eafd669f1ac56a741ae6de15d2b017c0, type: 3}
      propertyPath: m_LocalRotation.w
      value: 1
      objectReference: {fileID: 0}
    - target: {fileID: 1152148029892650099, guid: eafd669f1ac56a741ae6de15d2b017c0, type: 3}
      propertyPath: m_LocalRotation.x
      value: -0
      objectReference: {fileID: 0}
    - target: {fileID: 1152148029892650099, guid: eafd669f1ac56a741ae6de15d2b017c0, type: 3}
      propertyPath: m_LocalRotation.y
      value: -0
      objectReference: {fileID: 0}
    - target: {fileID: 1152148029892650099, guid: eafd669f1ac56a741ae6de15d2b017c0, type: 3}
      propertyPath: m_LocalRotation.z
      value: -0
      objectReference: {fileID: 0}
    - target: {fileID: 1152148029892650099, guid: eafd669f1ac56a741ae6de15d2b017c0, type: 3}
      propertyPath: m_LocalEulerAnglesHint.x
      value: 0
      objectReference: {fileID: 0}
    - target: {fileID: 1152148029892650099, guid: eafd669f1ac56a741ae6de15d2b017c0, type: 3}
      propertyPath: m_LocalEulerAnglesHint.y
      value: 0
      objectReference: {fileID: 0}
    - target: {fileID: 1152148029892650099, guid: eafd669f1ac56a741ae6de15d2b017c0, type: 3}
      propertyPath: m_LocalEulerAnglesHint.z
      value: 0
      objectReference: {fileID: 0}
    m_RemovedComponents: []
    m_RemovedGameObjects: []
    m_AddedGameObjects: []
    m_AddedComponents: []
  m_SourcePrefab: {fileID: 100100000, guid: eafd669f1ac56a741ae6de15d2b017c0, type: 3}
--- !u!4 &1703512116255743619 stripped
Transform:
  m_CorrespondingSourceObject: {fileID: 1152148029892650099, guid: eafd669f1ac56a741ae6de15d2b017c0, type: 3}
  m_PrefabInstance: {fileID: 1754529982414437104}
  m_PrefabAsset: {fileID: 0}
--- !u!114 &6202912935089824722 stripped
MonoBehaviour:
  m_CorrespondingSourceObject: {fileID: 5642020541392083234, guid: eafd669f1ac56a741ae6de15d2b017c0, type: 3}
  m_PrefabInstance: {fileID: 1754529982414437104}
  m_PrefabAsset: {fileID: 0}
  m_GameObject: {fileID: 0}
  m_Enabled: 1
  m_EditorHideFlags: 0
  m_Script: {fileID: 11500000, guid: 43a1397019db0554ca2e85e94cff59c9, type: 3}
  m_Name: 
  m_EditorClassIdentifier: 
--- !u!1001 &1786312089930885290
PrefabInstance:
  m_ObjectHideFlags: 0
  serializedVersion: 2
  m_Modification:
    serializedVersion: 3
    m_TransformParent: {fileID: 3645269225835059025}
    m_Modifications:
    - target: {fileID: 1152148028396695617, guid: eafd669f1ac56a741ae6de15d2b017c0, type: 3}
      propertyPath: m_Color.b
      value: 1
      objectReference: {fileID: 0}
    - target: {fileID: 1152148028396695617, guid: eafd669f1ac56a741ae6de15d2b017c0, type: 3}
      propertyPath: m_Color.g
      value: 0
      objectReference: {fileID: 0}
    - target: {fileID: 1152148028396695617, guid: eafd669f1ac56a741ae6de15d2b017c0, type: 3}
      propertyPath: m_Color.r
      value: 0
      objectReference: {fileID: 0}
    - target: {fileID: 1152148029892650062, guid: eafd669f1ac56a741ae6de15d2b017c0, type: 3}
      propertyPath: m_Name
      value: tile (13)
      objectReference: {fileID: 0}
    - target: {fileID: 1152148029892650099, guid: eafd669f1ac56a741ae6de15d2b017c0, type: 3}
      propertyPath: m_RootOrder
      value: -1
      objectReference: {fileID: 0}
    - target: {fileID: 1152148029892650099, guid: eafd669f1ac56a741ae6de15d2b017c0, type: 3}
      propertyPath: m_LocalPosition.x
      value: -0.2594061
      objectReference: {fileID: 0}
    - target: {fileID: 1152148029892650099, guid: eafd669f1ac56a741ae6de15d2b017c0, type: 3}
      propertyPath: m_LocalPosition.y
      value: -0.063369155
      objectReference: {fileID: 0}
    - target: {fileID: 1152148029892650099, guid: eafd669f1ac56a741ae6de15d2b017c0, type: 3}
      propertyPath: m_LocalPosition.z
      value: -1.0445817
      objectReference: {fileID: 0}
    - target: {fileID: 1152148029892650099, guid: eafd669f1ac56a741ae6de15d2b017c0, type: 3}
      propertyPath: m_LocalRotation.w
      value: 1
      objectReference: {fileID: 0}
    - target: {fileID: 1152148029892650099, guid: eafd669f1ac56a741ae6de15d2b017c0, type: 3}
      propertyPath: m_LocalRotation.x
      value: -0
      objectReference: {fileID: 0}
    - target: {fileID: 1152148029892650099, guid: eafd669f1ac56a741ae6de15d2b017c0, type: 3}
      propertyPath: m_LocalRotation.y
      value: -0
      objectReference: {fileID: 0}
    - target: {fileID: 1152148029892650099, guid: eafd669f1ac56a741ae6de15d2b017c0, type: 3}
      propertyPath: m_LocalRotation.z
      value: -0
      objectReference: {fileID: 0}
    - target: {fileID: 1152148029892650099, guid: eafd669f1ac56a741ae6de15d2b017c0, type: 3}
      propertyPath: m_LocalEulerAnglesHint.x
      value: 0
      objectReference: {fileID: 0}
    - target: {fileID: 1152148029892650099, guid: eafd669f1ac56a741ae6de15d2b017c0, type: 3}
      propertyPath: m_LocalEulerAnglesHint.y
      value: 0
      objectReference: {fileID: 0}
    - target: {fileID: 1152148029892650099, guid: eafd669f1ac56a741ae6de15d2b017c0, type: 3}
      propertyPath: m_LocalEulerAnglesHint.z
      value: 0
      objectReference: {fileID: 0}
    m_RemovedComponents: []
    m_RemovedGameObjects: []
    m_AddedGameObjects: []
    m_AddedComponents: []
  m_SourcePrefab: {fileID: 100100000, guid: eafd669f1ac56a741ae6de15d2b017c0, type: 3}
--- !u!4 &1672807877304782041 stripped
Transform:
  m_CorrespondingSourceObject: {fileID: 1152148029892650099, guid: eafd669f1ac56a741ae6de15d2b017c0, type: 3}
  m_PrefabInstance: {fileID: 1786312089930885290}
  m_PrefabAsset: {fileID: 0}
--- !u!114 &6234735242460082568 stripped
MonoBehaviour:
  m_CorrespondingSourceObject: {fileID: 5642020541392083234, guid: eafd669f1ac56a741ae6de15d2b017c0, type: 3}
  m_PrefabInstance: {fileID: 1786312089930885290}
  m_PrefabAsset: {fileID: 0}
  m_GameObject: {fileID: 0}
  m_Enabled: 1
  m_EditorHideFlags: 0
  m_Script: {fileID: 11500000, guid: 43a1397019db0554ca2e85e94cff59c9, type: 3}
  m_Name: 
  m_EditorClassIdentifier: 
--- !u!1001 &1927659834509842613
PrefabInstance:
  m_ObjectHideFlags: 0
  serializedVersion: 2
  m_Modification:
    serializedVersion: 3
    m_TransformParent: {fileID: 3645269225835059025}
    m_Modifications:
    - target: {fileID: 1152148028396695617, guid: eafd669f1ac56a741ae6de15d2b017c0, type: 3}
      propertyPath: m_Color.b
      value: 1
      objectReference: {fileID: 0}
    - target: {fileID: 1152148028396695617, guid: eafd669f1ac56a741ae6de15d2b017c0, type: 3}
      propertyPath: m_Color.g
      value: 0
      objectReference: {fileID: 0}
    - target: {fileID: 1152148028396695617, guid: eafd669f1ac56a741ae6de15d2b017c0, type: 3}
      propertyPath: m_Color.r
      value: 0
      objectReference: {fileID: 0}
    - target: {fileID: 1152148029892650062, guid: eafd669f1ac56a741ae6de15d2b017c0, type: 3}
      propertyPath: m_Name
      value: tile (6)
      objectReference: {fileID: 0}
    - target: {fileID: 1152148029892650099, guid: eafd669f1ac56a741ae6de15d2b017c0, type: 3}
      propertyPath: m_RootOrder
      value: -1
      objectReference: {fileID: 0}
    - target: {fileID: 1152148029892650099, guid: eafd669f1ac56a741ae6de15d2b017c0, type: 3}
      propertyPath: m_LocalPosition.x
      value: -0.2594061
      objectReference: {fileID: 0}
    - target: {fileID: 1152148029892650099, guid: eafd669f1ac56a741ae6de15d2b017c0, type: 3}
      propertyPath: m_LocalPosition.y
      value: -0.063369155
      objectReference: {fileID: 0}
    - target: {fileID: 1152148029892650099, guid: eafd669f1ac56a741ae6de15d2b017c0, type: 3}
      propertyPath: m_LocalPosition.z
      value: -1.0445817
      objectReference: {fileID: 0}
    - target: {fileID: 1152148029892650099, guid: eafd669f1ac56a741ae6de15d2b017c0, type: 3}
      propertyPath: m_LocalRotation.w
      value: 1
      objectReference: {fileID: 0}
    - target: {fileID: 1152148029892650099, guid: eafd669f1ac56a741ae6de15d2b017c0, type: 3}
      propertyPath: m_LocalRotation.x
      value: -0
      objectReference: {fileID: 0}
    - target: {fileID: 1152148029892650099, guid: eafd669f1ac56a741ae6de15d2b017c0, type: 3}
      propertyPath: m_LocalRotation.y
      value: -0
      objectReference: {fileID: 0}
    - target: {fileID: 1152148029892650099, guid: eafd669f1ac56a741ae6de15d2b017c0, type: 3}
      propertyPath: m_LocalRotation.z
      value: -0
      objectReference: {fileID: 0}
    - target: {fileID: 1152148029892650099, guid: eafd669f1ac56a741ae6de15d2b017c0, type: 3}
      propertyPath: m_LocalEulerAnglesHint.x
      value: 0
      objectReference: {fileID: 0}
    - target: {fileID: 1152148029892650099, guid: eafd669f1ac56a741ae6de15d2b017c0, type: 3}
      propertyPath: m_LocalEulerAnglesHint.y
      value: 0
      objectReference: {fileID: 0}
    - target: {fileID: 1152148029892650099, guid: eafd669f1ac56a741ae6de15d2b017c0, type: 3}
      propertyPath: m_LocalEulerAnglesHint.z
      value: 0
      objectReference: {fileID: 0}
    m_RemovedComponents: []
    m_RemovedGameObjects: []
    m_AddedGameObjects: []
    m_AddedComponents: []
  m_SourcePrefab: {fileID: 100100000, guid: eafd669f1ac56a741ae6de15d2b017c0, type: 3}
--- !u!4 &1530428855026040006 stripped
Transform:
  m_CorrespondingSourceObject: {fileID: 1152148029892650099, guid: eafd669f1ac56a741ae6de15d2b017c0, type: 3}
  m_PrefabInstance: {fileID: 1927659834509842613}
  m_PrefabAsset: {fileID: 0}
--- !u!114 &6092270381192610199 stripped
MonoBehaviour:
  m_CorrespondingSourceObject: {fileID: 5642020541392083234, guid: eafd669f1ac56a741ae6de15d2b017c0, type: 3}
  m_PrefabInstance: {fileID: 1927659834509842613}
  m_PrefabAsset: {fileID: 0}
  m_GameObject: {fileID: 0}
  m_Enabled: 1
  m_EditorHideFlags: 0
  m_Script: {fileID: 11500000, guid: 43a1397019db0554ca2e85e94cff59c9, type: 3}
  m_Name: 
  m_EditorClassIdentifier: 
--- !u!1001 &2246005747461150321
PrefabInstance:
  m_ObjectHideFlags: 0
  serializedVersion: 2
  m_Modification:
    serializedVersion: 3
    m_TransformParent: {fileID: 3645269225835059025}
    m_Modifications:
    - target: {fileID: 1152148028396695617, guid: eafd669f1ac56a741ae6de15d2b017c0, type: 3}
      propertyPath: m_Color.b
      value: 1
      objectReference: {fileID: 0}
    - target: {fileID: 1152148028396695617, guid: eafd669f1ac56a741ae6de15d2b017c0, type: 3}
      propertyPath: m_Color.g
      value: 0
      objectReference: {fileID: 0}
    - target: {fileID: 1152148028396695617, guid: eafd669f1ac56a741ae6de15d2b017c0, type: 3}
      propertyPath: m_Color.r
      value: 0
      objectReference: {fileID: 0}
    - target: {fileID: 1152148029892650062, guid: eafd669f1ac56a741ae6de15d2b017c0, type: 3}
      propertyPath: m_Name
      value: tile (7)
      objectReference: {fileID: 0}
    - target: {fileID: 1152148029892650099, guid: eafd669f1ac56a741ae6de15d2b017c0, type: 3}
      propertyPath: m_RootOrder
      value: -1
      objectReference: {fileID: 0}
    - target: {fileID: 1152148029892650099, guid: eafd669f1ac56a741ae6de15d2b017c0, type: 3}
      propertyPath: m_LocalPosition.x
      value: -0.2594061
      objectReference: {fileID: 0}
    - target: {fileID: 1152148029892650099, guid: eafd669f1ac56a741ae6de15d2b017c0, type: 3}
      propertyPath: m_LocalPosition.y
      value: -0.063369155
      objectReference: {fileID: 0}
    - target: {fileID: 1152148029892650099, guid: eafd669f1ac56a741ae6de15d2b017c0, type: 3}
      propertyPath: m_LocalPosition.z
      value: -1.0445817
      objectReference: {fileID: 0}
    - target: {fileID: 1152148029892650099, guid: eafd669f1ac56a741ae6de15d2b017c0, type: 3}
      propertyPath: m_LocalRotation.w
      value: 1
      objectReference: {fileID: 0}
    - target: {fileID: 1152148029892650099, guid: eafd669f1ac56a741ae6de15d2b017c0, type: 3}
      propertyPath: m_LocalRotation.x
      value: -0
      objectReference: {fileID: 0}
    - target: {fileID: 1152148029892650099, guid: eafd669f1ac56a741ae6de15d2b017c0, type: 3}
      propertyPath: m_LocalRotation.y
      value: -0
      objectReference: {fileID: 0}
    - target: {fileID: 1152148029892650099, guid: eafd669f1ac56a741ae6de15d2b017c0, type: 3}
      propertyPath: m_LocalRotation.z
      value: -0
      objectReference: {fileID: 0}
    - target: {fileID: 1152148029892650099, guid: eafd669f1ac56a741ae6de15d2b017c0, type: 3}
      propertyPath: m_LocalEulerAnglesHint.x
      value: 0
      objectReference: {fileID: 0}
    - target: {fileID: 1152148029892650099, guid: eafd669f1ac56a741ae6de15d2b017c0, type: 3}
      propertyPath: m_LocalEulerAnglesHint.y
      value: 0
      objectReference: {fileID: 0}
    - target: {fileID: 1152148029892650099, guid: eafd669f1ac56a741ae6de15d2b017c0, type: 3}
      propertyPath: m_LocalEulerAnglesHint.z
      value: 0
      objectReference: {fileID: 0}
    m_RemovedComponents: []
    m_RemovedGameObjects: []
    m_AddedGameObjects: []
    m_AddedComponents: []
  m_SourcePrefab: {fileID: 100100000, guid: eafd669f1ac56a741ae6de15d2b017c0, type: 3}
--- !u!4 &1213204242706379266 stripped
Transform:
  m_CorrespondingSourceObject: {fileID: 1152148029892650099, guid: eafd669f1ac56a741ae6de15d2b017c0, type: 3}
  m_PrefabInstance: {fileID: 2246005747461150321}
  m_PrefabAsset: {fileID: 0}
--- !u!114 &5865676392758873939 stripped
MonoBehaviour:
  m_CorrespondingSourceObject: {fileID: 5642020541392083234, guid: eafd669f1ac56a741ae6de15d2b017c0, type: 3}
  m_PrefabInstance: {fileID: 2246005747461150321}
  m_PrefabAsset: {fileID: 0}
  m_GameObject: {fileID: 0}
  m_Enabled: 1
  m_EditorHideFlags: 0
  m_Script: {fileID: 11500000, guid: 43a1397019db0554ca2e85e94cff59c9, type: 3}
  m_Name: 
  m_EditorClassIdentifier: 
--- !u!1001 &2463776898829336925
PrefabInstance:
  m_ObjectHideFlags: 0
  serializedVersion: 2
  m_Modification:
    serializedVersion: 3
    m_TransformParent: {fileID: 3645269225835059025}
    m_Modifications:
    - target: {fileID: 1152148028396695617, guid: eafd669f1ac56a741ae6de15d2b017c0, type: 3}
      propertyPath: m_Color.b
      value: 1
      objectReference: {fileID: 0}
    - target: {fileID: 1152148028396695617, guid: eafd669f1ac56a741ae6de15d2b017c0, type: 3}
      propertyPath: m_Color.g
      value: 0
      objectReference: {fileID: 0}
    - target: {fileID: 1152148028396695617, guid: eafd669f1ac56a741ae6de15d2b017c0, type: 3}
      propertyPath: m_Color.r
      value: 0
      objectReference: {fileID: 0}
    - target: {fileID: 1152148029892650062, guid: eafd669f1ac56a741ae6de15d2b017c0, type: 3}
      propertyPath: m_Name
      value: tile (16)
      objectReference: {fileID: 0}
    - target: {fileID: 1152148029892650099, guid: eafd669f1ac56a741ae6de15d2b017c0, type: 3}
      propertyPath: m_RootOrder
      value: -1
      objectReference: {fileID: 0}
    - target: {fileID: 1152148029892650099, guid: eafd669f1ac56a741ae6de15d2b017c0, type: 3}
      propertyPath: m_LocalPosition.x
      value: -0.2594061
      objectReference: {fileID: 0}
    - target: {fileID: 1152148029892650099, guid: eafd669f1ac56a741ae6de15d2b017c0, type: 3}
      propertyPath: m_LocalPosition.y
      value: -0.063369155
      objectReference: {fileID: 0}
    - target: {fileID: 1152148029892650099, guid: eafd669f1ac56a741ae6de15d2b017c0, type: 3}
      propertyPath: m_LocalPosition.z
      value: -1.0445817
      objectReference: {fileID: 0}
    - target: {fileID: 1152148029892650099, guid: eafd669f1ac56a741ae6de15d2b017c0, type: 3}
      propertyPath: m_LocalRotation.w
      value: 1
      objectReference: {fileID: 0}
    - target: {fileID: 1152148029892650099, guid: eafd669f1ac56a741ae6de15d2b017c0, type: 3}
      propertyPath: m_LocalRotation.x
      value: -0
      objectReference: {fileID: 0}
    - target: {fileID: 1152148029892650099, guid: eafd669f1ac56a741ae6de15d2b017c0, type: 3}
      propertyPath: m_LocalRotation.y
      value: -0
      objectReference: {fileID: 0}
    - target: {fileID: 1152148029892650099, guid: eafd669f1ac56a741ae6de15d2b017c0, type: 3}
      propertyPath: m_LocalRotation.z
      value: -0
      objectReference: {fileID: 0}
    - target: {fileID: 1152148029892650099, guid: eafd669f1ac56a741ae6de15d2b017c0, type: 3}
      propertyPath: m_LocalEulerAnglesHint.x
      value: 0
      objectReference: {fileID: 0}
    - target: {fileID: 1152148029892650099, guid: eafd669f1ac56a741ae6de15d2b017c0, type: 3}
      propertyPath: m_LocalEulerAnglesHint.y
      value: 0
      objectReference: {fileID: 0}
    - target: {fileID: 1152148029892650099, guid: eafd669f1ac56a741ae6de15d2b017c0, type: 3}
      propertyPath: m_LocalEulerAnglesHint.z
      value: 0
      objectReference: {fileID: 0}
    m_RemovedComponents: []
    m_RemovedGameObjects: []
    m_AddedGameObjects: []
    m_AddedComponents: []
  m_SourcePrefab: {fileID: 100100000, guid: eafd669f1ac56a741ae6de15d2b017c0, type: 3}
--- !u!4 &3300109995187873070 stripped
Transform:
  m_CorrespondingSourceObject: {fileID: 1152148029892650099, guid: eafd669f1ac56a741ae6de15d2b017c0, type: 3}
  m_PrefabInstance: {fileID: 2463776898829336925}
  m_PrefabAsset: {fileID: 0}
--- !u!114 &7817514217449756799 stripped
MonoBehaviour:
  m_CorrespondingSourceObject: {fileID: 5642020541392083234, guid: eafd669f1ac56a741ae6de15d2b017c0, type: 3}
  m_PrefabInstance: {fileID: 2463776898829336925}
  m_PrefabAsset: {fileID: 0}
  m_GameObject: {fileID: 0}
  m_Enabled: 1
  m_EditorHideFlags: 0
  m_Script: {fileID: 11500000, guid: 43a1397019db0554ca2e85e94cff59c9, type: 3}
  m_Name: 
  m_EditorClassIdentifier: 
--- !u!1001 &3231635143809785190
PrefabInstance:
  m_ObjectHideFlags: 0
  serializedVersion: 2
  m_Modification:
    serializedVersion: 3
    m_TransformParent: {fileID: 3645269225835059025}
    m_Modifications:
    - target: {fileID: 1152148028396695617, guid: eafd669f1ac56a741ae6de15d2b017c0, type: 3}
      propertyPath: m_Color.b
      value: 1
      objectReference: {fileID: 0}
    - target: {fileID: 1152148028396695617, guid: eafd669f1ac56a741ae6de15d2b017c0, type: 3}
      propertyPath: m_Color.g
      value: 0
      objectReference: {fileID: 0}
    - target: {fileID: 1152148028396695617, guid: eafd669f1ac56a741ae6de15d2b017c0, type: 3}
      propertyPath: m_Color.r
      value: 0
      objectReference: {fileID: 0}
    - target: {fileID: 1152148029892650062, guid: eafd669f1ac56a741ae6de15d2b017c0, type: 3}
      propertyPath: m_Name
      value: tile (8)
      objectReference: {fileID: 0}
    - target: {fileID: 1152148029892650099, guid: eafd669f1ac56a741ae6de15d2b017c0, type: 3}
      propertyPath: m_RootOrder
      value: -1
      objectReference: {fileID: 0}
    - target: {fileID: 1152148029892650099, guid: eafd669f1ac56a741ae6de15d2b017c0, type: 3}
      propertyPath: m_LocalPosition.x
      value: -0.2594061
      objectReference: {fileID: 0}
    - target: {fileID: 1152148029892650099, guid: eafd669f1ac56a741ae6de15d2b017c0, type: 3}
      propertyPath: m_LocalPosition.y
      value: -0.063369155
      objectReference: {fileID: 0}
    - target: {fileID: 1152148029892650099, guid: eafd669f1ac56a741ae6de15d2b017c0, type: 3}
      propertyPath: m_LocalPosition.z
      value: -1.0445817
      objectReference: {fileID: 0}
    - target: {fileID: 1152148029892650099, guid: eafd669f1ac56a741ae6de15d2b017c0, type: 3}
      propertyPath: m_LocalRotation.w
      value: 1
      objectReference: {fileID: 0}
    - target: {fileID: 1152148029892650099, guid: eafd669f1ac56a741ae6de15d2b017c0, type: 3}
      propertyPath: m_LocalRotation.x
      value: -0
      objectReference: {fileID: 0}
    - target: {fileID: 1152148029892650099, guid: eafd669f1ac56a741ae6de15d2b017c0, type: 3}
      propertyPath: m_LocalRotation.y
      value: -0
      objectReference: {fileID: 0}
    - target: {fileID: 1152148029892650099, guid: eafd669f1ac56a741ae6de15d2b017c0, type: 3}
      propertyPath: m_LocalRotation.z
      value: -0
      objectReference: {fileID: 0}
    - target: {fileID: 1152148029892650099, guid: eafd669f1ac56a741ae6de15d2b017c0, type: 3}
      propertyPath: m_LocalEulerAnglesHint.x
      value: 0
      objectReference: {fileID: 0}
    - target: {fileID: 1152148029892650099, guid: eafd669f1ac56a741ae6de15d2b017c0, type: 3}
      propertyPath: m_LocalEulerAnglesHint.y
      value: 0
      objectReference: {fileID: 0}
    - target: {fileID: 1152148029892650099, guid: eafd669f1ac56a741ae6de15d2b017c0, type: 3}
      propertyPath: m_LocalEulerAnglesHint.z
      value: 0
      objectReference: {fileID: 0}
    m_RemovedComponents: []
    m_RemovedGameObjects: []
    m_AddedGameObjects: []
    m_AddedComponents: []
  m_SourcePrefab: {fileID: 100100000, guid: eafd669f1ac56a741ae6de15d2b017c0, type: 3}
--- !u!4 &2532240759639882005 stripped
Transform:
  m_CorrespondingSourceObject: {fileID: 1152148029892650099, guid: eafd669f1ac56a741ae6de15d2b017c0, type: 3}
  m_PrefabInstance: {fileID: 3231635143809785190}
  m_PrefabAsset: {fileID: 0}
--- !u!114 &7103699164299691076 stripped
MonoBehaviour:
  m_CorrespondingSourceObject: {fileID: 5642020541392083234, guid: eafd669f1ac56a741ae6de15d2b017c0, type: 3}
  m_PrefabInstance: {fileID: 3231635143809785190}
  m_PrefabAsset: {fileID: 0}
  m_GameObject: {fileID: 0}
  m_Enabled: 1
  m_EditorHideFlags: 0
  m_Script: {fileID: 11500000, guid: 43a1397019db0554ca2e85e94cff59c9, type: 3}
  m_Name: 
  m_EditorClassIdentifier: 
--- !u!1001 &4060966698338205593
PrefabInstance:
  m_ObjectHideFlags: 0
  serializedVersion: 2
  m_Modification:
    serializedVersion: 3
    m_TransformParent: {fileID: 3645269225835059025}
    m_Modifications:
    - target: {fileID: 1152148028396695617, guid: eafd669f1ac56a741ae6de15d2b017c0, type: 3}
      propertyPath: m_Color.b
      value: 1
      objectReference: {fileID: 0}
    - target: {fileID: 1152148028396695617, guid: eafd669f1ac56a741ae6de15d2b017c0, type: 3}
      propertyPath: m_Color.g
      value: 0
      objectReference: {fileID: 0}
    - target: {fileID: 1152148028396695617, guid: eafd669f1ac56a741ae6de15d2b017c0, type: 3}
      propertyPath: m_Color.r
      value: 0
      objectReference: {fileID: 0}
    - target: {fileID: 1152148029892650062, guid: eafd669f1ac56a741ae6de15d2b017c0, type: 3}
      propertyPath: m_Name
      value: tile (4)
      objectReference: {fileID: 0}
    - target: {fileID: 1152148029892650099, guid: eafd669f1ac56a741ae6de15d2b017c0, type: 3}
      propertyPath: m_RootOrder
      value: -1
      objectReference: {fileID: 0}
    - target: {fileID: 1152148029892650099, guid: eafd669f1ac56a741ae6de15d2b017c0, type: 3}
      propertyPath: m_LocalPosition.x
      value: -0.2594061
      objectReference: {fileID: 0}
    - target: {fileID: 1152148029892650099, guid: eafd669f1ac56a741ae6de15d2b017c0, type: 3}
      propertyPath: m_LocalPosition.y
      value: -0.063369155
      objectReference: {fileID: 0}
    - target: {fileID: 1152148029892650099, guid: eafd669f1ac56a741ae6de15d2b017c0, type: 3}
      propertyPath: m_LocalPosition.z
      value: -1.0445817
      objectReference: {fileID: 0}
    - target: {fileID: 1152148029892650099, guid: eafd669f1ac56a741ae6de15d2b017c0, type: 3}
      propertyPath: m_LocalRotation.w
      value: 1
      objectReference: {fileID: 0}
    - target: {fileID: 1152148029892650099, guid: eafd669f1ac56a741ae6de15d2b017c0, type: 3}
      propertyPath: m_LocalRotation.x
      value: -0
      objectReference: {fileID: 0}
    - target: {fileID: 1152148029892650099, guid: eafd669f1ac56a741ae6de15d2b017c0, type: 3}
      propertyPath: m_LocalRotation.y
      value: -0
      objectReference: {fileID: 0}
    - target: {fileID: 1152148029892650099, guid: eafd669f1ac56a741ae6de15d2b017c0, type: 3}
      propertyPath: m_LocalRotation.z
      value: -0
      objectReference: {fileID: 0}
    - target: {fileID: 1152148029892650099, guid: eafd669f1ac56a741ae6de15d2b017c0, type: 3}
      propertyPath: m_LocalEulerAnglesHint.x
      value: 0
      objectReference: {fileID: 0}
    - target: {fileID: 1152148029892650099, guid: eafd669f1ac56a741ae6de15d2b017c0, type: 3}
      propertyPath: m_LocalEulerAnglesHint.y
      value: 0
      objectReference: {fileID: 0}
    - target: {fileID: 1152148029892650099, guid: eafd669f1ac56a741ae6de15d2b017c0, type: 3}
      propertyPath: m_LocalEulerAnglesHint.z
      value: 0
      objectReference: {fileID: 0}
    m_RemovedComponents: []
    m_RemovedGameObjects: []
    m_AddedGameObjects: []
    m_AddedComponents: []
  m_SourcePrefab: {fileID: 100100000, guid: eafd669f1ac56a741ae6de15d2b017c0, type: 3}
--- !u!4 &4009948822444268522 stripped
Transform:
  m_CorrespondingSourceObject: {fileID: 1152148029892650099, guid: eafd669f1ac56a741ae6de15d2b017c0, type: 3}
  m_PrefabInstance: {fileID: 4060966698338205593}
  m_PrefabAsset: {fileID: 0}
--- !u!114 &8509279332731086523 stripped
MonoBehaviour:
  m_CorrespondingSourceObject: {fileID: 5642020541392083234, guid: eafd669f1ac56a741ae6de15d2b017c0, type: 3}
  m_PrefabInstance: {fileID: 4060966698338205593}
  m_PrefabAsset: {fileID: 0}
  m_GameObject: {fileID: 0}
  m_Enabled: 1
  m_EditorHideFlags: 0
  m_Script: {fileID: 11500000, guid: 43a1397019db0554ca2e85e94cff59c9, type: 3}
  m_Name: 
  m_EditorClassIdentifier: 
--- !u!1001 &4195154556886333705
PrefabInstance:
  m_ObjectHideFlags: 0
  serializedVersion: 2
  m_Modification:
    serializedVersion: 3
    m_TransformParent: {fileID: 3645269225835059025}
    m_Modifications:
    - target: {fileID: 1152148028396695617, guid: eafd669f1ac56a741ae6de15d2b017c0, type: 3}
      propertyPath: m_Color.b
      value: 1
      objectReference: {fileID: 0}
    - target: {fileID: 1152148028396695617, guid: eafd669f1ac56a741ae6de15d2b017c0, type: 3}
      propertyPath: m_Color.g
      value: 0
      objectReference: {fileID: 0}
    - target: {fileID: 1152148028396695617, guid: eafd669f1ac56a741ae6de15d2b017c0, type: 3}
      propertyPath: m_Color.r
      value: 0
      objectReference: {fileID: 0}
    - target: {fileID: 1152148029892650062, guid: eafd669f1ac56a741ae6de15d2b017c0, type: 3}
      propertyPath: m_Name
      value: tile (15)
      objectReference: {fileID: 0}
    - target: {fileID: 1152148029892650099, guid: eafd669f1ac56a741ae6de15d2b017c0, type: 3}
      propertyPath: m_RootOrder
      value: -1
      objectReference: {fileID: 0}
    - target: {fileID: 1152148029892650099, guid: eafd669f1ac56a741ae6de15d2b017c0, type: 3}
      propertyPath: m_LocalPosition.x
      value: -0.2594061
      objectReference: {fileID: 0}
    - target: {fileID: 1152148029892650099, guid: eafd669f1ac56a741ae6de15d2b017c0, type: 3}
      propertyPath: m_LocalPosition.y
      value: -0.063369155
      objectReference: {fileID: 0}
    - target: {fileID: 1152148029892650099, guid: eafd669f1ac56a741ae6de15d2b017c0, type: 3}
      propertyPath: m_LocalPosition.z
      value: -1.0445817
      objectReference: {fileID: 0}
    - target: {fileID: 1152148029892650099, guid: eafd669f1ac56a741ae6de15d2b017c0, type: 3}
      propertyPath: m_LocalRotation.w
      value: 1
      objectReference: {fileID: 0}
    - target: {fileID: 1152148029892650099, guid: eafd669f1ac56a741ae6de15d2b017c0, type: 3}
      propertyPath: m_LocalRotation.x
      value: -0
      objectReference: {fileID: 0}
    - target: {fileID: 1152148029892650099, guid: eafd669f1ac56a741ae6de15d2b017c0, type: 3}
      propertyPath: m_LocalRotation.y
      value: -0
      objectReference: {fileID: 0}
    - target: {fileID: 1152148029892650099, guid: eafd669f1ac56a741ae6de15d2b017c0, type: 3}
      propertyPath: m_LocalRotation.z
      value: -0
      objectReference: {fileID: 0}
    - target: {fileID: 1152148029892650099, guid: eafd669f1ac56a741ae6de15d2b017c0, type: 3}
      propertyPath: m_LocalEulerAnglesHint.x
      value: 0
      objectReference: {fileID: 0}
    - target: {fileID: 1152148029892650099, guid: eafd669f1ac56a741ae6de15d2b017c0, type: 3}
      propertyPath: m_LocalEulerAnglesHint.y
      value: 0
      objectReference: {fileID: 0}
    - target: {fileID: 1152148029892650099, guid: eafd669f1ac56a741ae6de15d2b017c0, type: 3}
      propertyPath: m_LocalEulerAnglesHint.z
      value: 0
      objectReference: {fileID: 0}
    m_RemovedComponents: []
    m_RemovedGameObjects: []
    m_AddedGameObjects: []
    m_AddedComponents: []
  m_SourcePrefab: {fileID: 100100000, guid: eafd669f1ac56a741ae6de15d2b017c0, type: 3}
--- !u!4 &3874624347913641338 stripped
Transform:
  m_CorrespondingSourceObject: {fileID: 1152148029892650099, guid: eafd669f1ac56a741ae6de15d2b017c0, type: 3}
  m_PrefabInstance: {fileID: 4195154556886333705}
  m_PrefabAsset: {fileID: 0}
--- !u!114 &8391425591361134635 stripped
MonoBehaviour:
  m_CorrespondingSourceObject: {fileID: 5642020541392083234, guid: eafd669f1ac56a741ae6de15d2b017c0, type: 3}
  m_PrefabInstance: {fileID: 4195154556886333705}
  m_PrefabAsset: {fileID: 0}
  m_GameObject: {fileID: 0}
  m_Enabled: 1
  m_EditorHideFlags: 0
  m_Script: {fileID: 11500000, guid: 43a1397019db0554ca2e85e94cff59c9, type: 3}
  m_Name: 
  m_EditorClassIdentifier: 
--- !u!1001 &4257411883214610729
PrefabInstance:
  m_ObjectHideFlags: 0
  serializedVersion: 2
  m_Modification:
    serializedVersion: 3
    m_TransformParent: {fileID: 3645269225835059025}
    m_Modifications:
    - target: {fileID: 1152148028396695617, guid: eafd669f1ac56a741ae6de15d2b017c0, type: 3}
      propertyPath: m_Color.b
      value: 1
      objectReference: {fileID: 0}
    - target: {fileID: 1152148028396695617, guid: eafd669f1ac56a741ae6de15d2b017c0, type: 3}
      propertyPath: m_Color.g
      value: 0
      objectReference: {fileID: 0}
    - target: {fileID: 1152148028396695617, guid: eafd669f1ac56a741ae6de15d2b017c0, type: 3}
      propertyPath: m_Color.r
      value: 0
      objectReference: {fileID: 0}
    - target: {fileID: 1152148029892650062, guid: eafd669f1ac56a741ae6de15d2b017c0, type: 3}
      propertyPath: m_Name
      value: tile (5)
      objectReference: {fileID: 0}
    - target: {fileID: 1152148029892650099, guid: eafd669f1ac56a741ae6de15d2b017c0, type: 3}
      propertyPath: m_RootOrder
      value: -1
      objectReference: {fileID: 0}
    - target: {fileID: 1152148029892650099, guid: eafd669f1ac56a741ae6de15d2b017c0, type: 3}
      propertyPath: m_LocalPosition.x
      value: -0.2594061
      objectReference: {fileID: 0}
    - target: {fileID: 1152148029892650099, guid: eafd669f1ac56a741ae6de15d2b017c0, type: 3}
      propertyPath: m_LocalPosition.y
      value: -0.063369155
      objectReference: {fileID: 0}
    - target: {fileID: 1152148029892650099, guid: eafd669f1ac56a741ae6de15d2b017c0, type: 3}
      propertyPath: m_LocalPosition.z
      value: -1.0445817
      objectReference: {fileID: 0}
    - target: {fileID: 1152148029892650099, guid: eafd669f1ac56a741ae6de15d2b017c0, type: 3}
      propertyPath: m_LocalRotation.w
      value: 1
      objectReference: {fileID: 0}
    - target: {fileID: 1152148029892650099, guid: eafd669f1ac56a741ae6de15d2b017c0, type: 3}
      propertyPath: m_LocalRotation.x
      value: -0
      objectReference: {fileID: 0}
    - target: {fileID: 1152148029892650099, guid: eafd669f1ac56a741ae6de15d2b017c0, type: 3}
      propertyPath: m_LocalRotation.y
      value: -0
      objectReference: {fileID: 0}
    - target: {fileID: 1152148029892650099, guid: eafd669f1ac56a741ae6de15d2b017c0, type: 3}
      propertyPath: m_LocalRotation.z
      value: -0
      objectReference: {fileID: 0}
    - target: {fileID: 1152148029892650099, guid: eafd669f1ac56a741ae6de15d2b017c0, type: 3}
      propertyPath: m_LocalEulerAnglesHint.x
      value: 0
      objectReference: {fileID: 0}
    - target: {fileID: 1152148029892650099, guid: eafd669f1ac56a741ae6de15d2b017c0, type: 3}
      propertyPath: m_LocalEulerAnglesHint.y
      value: 0
      objectReference: {fileID: 0}
    - target: {fileID: 1152148029892650099, guid: eafd669f1ac56a741ae6de15d2b017c0, type: 3}
      propertyPath: m_LocalEulerAnglesHint.z
      value: 0
      objectReference: {fileID: 0}
    m_RemovedComponents: []
    m_RemovedGameObjects: []
    m_AddedGameObjects: []
    m_AddedComponents: []
  m_SourcePrefab: {fileID: 100100000, guid: eafd669f1ac56a741ae6de15d2b017c0, type: 3}
--- !u!4 &3812329015300212058 stripped
Transform:
  m_CorrespondingSourceObject: {fileID: 1152148029892650099, guid: eafd669f1ac56a741ae6de15d2b017c0, type: 3}
  m_PrefabInstance: {fileID: 4257411883214610729}
  m_PrefabAsset: {fileID: 0}
--- !u!114 &8455831862699980811 stripped
MonoBehaviour:
  m_CorrespondingSourceObject: {fileID: 5642020541392083234, guid: eafd669f1ac56a741ae6de15d2b017c0, type: 3}
  m_PrefabInstance: {fileID: 4257411883214610729}
  m_PrefabAsset: {fileID: 0}
  m_GameObject: {fileID: 0}
  m_Enabled: 1
  m_EditorHideFlags: 0
  m_Script: {fileID: 11500000, guid: 43a1397019db0554ca2e85e94cff59c9, type: 3}
  m_Name: 
  m_EditorClassIdentifier: 
--- !u!1001 &4718422415847136991
PrefabInstance:
  m_ObjectHideFlags: 0
  serializedVersion: 2
  m_Modification:
    serializedVersion: 3
    m_TransformParent: {fileID: 3645269225835059025}
    m_Modifications:
    - target: {fileID: 1152148028396695617, guid: eafd669f1ac56a741ae6de15d2b017c0, type: 3}
      propertyPath: m_Color.b
      value: 1
      objectReference: {fileID: 0}
    - target: {fileID: 1152148028396695617, guid: eafd669f1ac56a741ae6de15d2b017c0, type: 3}
      propertyPath: m_Color.g
      value: 0
      objectReference: {fileID: 0}
    - target: {fileID: 1152148028396695617, guid: eafd669f1ac56a741ae6de15d2b017c0, type: 3}
      propertyPath: m_Color.r
      value: 0
      objectReference: {fileID: 0}
    - target: {fileID: 1152148029892650062, guid: eafd669f1ac56a741ae6de15d2b017c0, type: 3}
      propertyPath: m_Name
      value: tile (2)
      objectReference: {fileID: 0}
    - target: {fileID: 1152148029892650099, guid: eafd669f1ac56a741ae6de15d2b017c0, type: 3}
      propertyPath: m_RootOrder
      value: -1
      objectReference: {fileID: 0}
    - target: {fileID: 1152148029892650099, guid: eafd669f1ac56a741ae6de15d2b017c0, type: 3}
      propertyPath: m_LocalPosition.x
      value: -0.2594061
      objectReference: {fileID: 0}
    - target: {fileID: 1152148029892650099, guid: eafd669f1ac56a741ae6de15d2b017c0, type: 3}
      propertyPath: m_LocalPosition.y
      value: -0.063369155
      objectReference: {fileID: 0}
    - target: {fileID: 1152148029892650099, guid: eafd669f1ac56a741ae6de15d2b017c0, type: 3}
      propertyPath: m_LocalPosition.z
      value: -1.0445817
      objectReference: {fileID: 0}
    - target: {fileID: 1152148029892650099, guid: eafd669f1ac56a741ae6de15d2b017c0, type: 3}
      propertyPath: m_LocalRotation.w
      value: 1
      objectReference: {fileID: 0}
    - target: {fileID: 1152148029892650099, guid: eafd669f1ac56a741ae6de15d2b017c0, type: 3}
      propertyPath: m_LocalRotation.x
      value: -0
      objectReference: {fileID: 0}
    - target: {fileID: 1152148029892650099, guid: eafd669f1ac56a741ae6de15d2b017c0, type: 3}
      propertyPath: m_LocalRotation.y
      value: -0
      objectReference: {fileID: 0}
    - target: {fileID: 1152148029892650099, guid: eafd669f1ac56a741ae6de15d2b017c0, type: 3}
      propertyPath: m_LocalRotation.z
      value: -0
      objectReference: {fileID: 0}
    - target: {fileID: 1152148029892650099, guid: eafd669f1ac56a741ae6de15d2b017c0, type: 3}
      propertyPath: m_LocalEulerAnglesHint.x
      value: 0
      objectReference: {fileID: 0}
    - target: {fileID: 1152148029892650099, guid: eafd669f1ac56a741ae6de15d2b017c0, type: 3}
      propertyPath: m_LocalEulerAnglesHint.y
      value: 0
      objectReference: {fileID: 0}
    - target: {fileID: 1152148029892650099, guid: eafd669f1ac56a741ae6de15d2b017c0, type: 3}
      propertyPath: m_LocalEulerAnglesHint.z
      value: 0
      objectReference: {fileID: 0}
    m_RemovedComponents: []
    m_RemovedGameObjects: []
    m_AddedGameObjects: []
    m_AddedComponents: []
  m_SourcePrefab: {fileID: 100100000, guid: eafd669f1ac56a741ae6de15d2b017c0, type: 3}
--- !u!114 &1096432970353264637 stripped
MonoBehaviour:
  m_CorrespondingSourceObject: {fileID: 5642020541392083234, guid: eafd669f1ac56a741ae6de15d2b017c0, type: 3}
  m_PrefabInstance: {fileID: 4718422415847136991}
  m_PrefabAsset: {fileID: 0}
  m_GameObject: {fileID: 0}
  m_Enabled: 1
  m_EditorHideFlags: 0
  m_Script: {fileID: 11500000, guid: 43a1397019db0554ca2e85e94cff59c9, type: 3}
  m_Name: 
  m_EditorClassIdentifier: 
--- !u!4 &5658338313290250924 stripped
Transform:
  m_CorrespondingSourceObject: {fileID: 1152148029892650099, guid: eafd669f1ac56a741ae6de15d2b017c0, type: 3}
  m_PrefabInstance: {fileID: 4718422415847136991}
  m_PrefabAsset: {fileID: 0}
--- !u!1001 &4982216183804235715
PrefabInstance:
  m_ObjectHideFlags: 0
  serializedVersion: 2
  m_Modification:
    serializedVersion: 3
    m_TransformParent: {fileID: 3645269225835059025}
    m_Modifications:
    - target: {fileID: 1152148028396695617, guid: eafd669f1ac56a741ae6de15d2b017c0, type: 3}
      propertyPath: m_Color.b
      value: 1
      objectReference: {fileID: 0}
    - target: {fileID: 1152148028396695617, guid: eafd669f1ac56a741ae6de15d2b017c0, type: 3}
      propertyPath: m_Color.g
      value: 0
      objectReference: {fileID: 0}
    - target: {fileID: 1152148028396695617, guid: eafd669f1ac56a741ae6de15d2b017c0, type: 3}
      propertyPath: m_Color.r
      value: 0
      objectReference: {fileID: 0}
    - target: {fileID: 1152148029892650062, guid: eafd669f1ac56a741ae6de15d2b017c0, type: 3}
      propertyPath: m_Name
      value: tile (1)
      objectReference: {fileID: 0}
    - target: {fileID: 1152148029892650099, guid: eafd669f1ac56a741ae6de15d2b017c0, type: 3}
      propertyPath: m_RootOrder
      value: -1
      objectReference: {fileID: 0}
    - target: {fileID: 1152148029892650099, guid: eafd669f1ac56a741ae6de15d2b017c0, type: 3}
      propertyPath: m_LocalPosition.x
      value: -0.2594061
      objectReference: {fileID: 0}
    - target: {fileID: 1152148029892650099, guid: eafd669f1ac56a741ae6de15d2b017c0, type: 3}
      propertyPath: m_LocalPosition.y
      value: -0.063369155
      objectReference: {fileID: 0}
    - target: {fileID: 1152148029892650099, guid: eafd669f1ac56a741ae6de15d2b017c0, type: 3}
      propertyPath: m_LocalPosition.z
      value: -1.0445817
      objectReference: {fileID: 0}
    - target: {fileID: 1152148029892650099, guid: eafd669f1ac56a741ae6de15d2b017c0, type: 3}
      propertyPath: m_LocalRotation.w
      value: 1
      objectReference: {fileID: 0}
    - target: {fileID: 1152148029892650099, guid: eafd669f1ac56a741ae6de15d2b017c0, type: 3}
      propertyPath: m_LocalRotation.x
      value: -0
      objectReference: {fileID: 0}
    - target: {fileID: 1152148029892650099, guid: eafd669f1ac56a741ae6de15d2b017c0, type: 3}
      propertyPath: m_LocalRotation.y
      value: -0
      objectReference: {fileID: 0}
    - target: {fileID: 1152148029892650099, guid: eafd669f1ac56a741ae6de15d2b017c0, type: 3}
      propertyPath: m_LocalRotation.z
      value: -0
      objectReference: {fileID: 0}
    - target: {fileID: 1152148029892650099, guid: eafd669f1ac56a741ae6de15d2b017c0, type: 3}
      propertyPath: m_LocalEulerAnglesHint.x
      value: 0
      objectReference: {fileID: 0}
    - target: {fileID: 1152148029892650099, guid: eafd669f1ac56a741ae6de15d2b017c0, type: 3}
      propertyPath: m_LocalEulerAnglesHint.y
      value: 0
      objectReference: {fileID: 0}
    - target: {fileID: 1152148029892650099, guid: eafd669f1ac56a741ae6de15d2b017c0, type: 3}
      propertyPath: m_LocalEulerAnglesHint.z
      value: 0
      objectReference: {fileID: 0}
    m_RemovedComponents: []
    m_RemovedGameObjects: []
    m_AddedGameObjects: []
    m_AddedComponents: []
  m_SourcePrefab: {fileID: 100100000, guid: eafd669f1ac56a741ae6de15d2b017c0, type: 3}
--- !u!114 &821934363095291617 stripped
MonoBehaviour:
  m_CorrespondingSourceObject: {fileID: 5642020541392083234, guid: eafd669f1ac56a741ae6de15d2b017c0, type: 3}
  m_PrefabInstance: {fileID: 4982216183804235715}
  m_PrefabAsset: {fileID: 0}
  m_GameObject: {fileID: 0}
  m_Enabled: 1
  m_EditorHideFlags: 0
  m_Script: {fileID: 11500000, guid: 43a1397019db0554ca2e85e94cff59c9, type: 3}
  m_Name: 
  m_EditorClassIdentifier: 
--- !u!4 &5393381334275091376 stripped
Transform:
  m_CorrespondingSourceObject: {fileID: 1152148029892650099, guid: eafd669f1ac56a741ae6de15d2b017c0, type: 3}
  m_PrefabInstance: {fileID: 4982216183804235715}
  m_PrefabAsset: {fileID: 0}
--- !u!1001 &5455883593621581578
PrefabInstance:
  m_ObjectHideFlags: 0
  serializedVersion: 2
  m_Modification:
    serializedVersion: 3
    m_TransformParent: {fileID: 3645269225835059025}
    m_Modifications:
    - target: {fileID: 1152148028396695617, guid: eafd669f1ac56a741ae6de15d2b017c0, type: 3}
      propertyPath: m_Color.b
      value: 1
      objectReference: {fileID: 0}
    - target: {fileID: 1152148028396695617, guid: eafd669f1ac56a741ae6de15d2b017c0, type: 3}
      propertyPath: m_Color.g
      value: 0
      objectReference: {fileID: 0}
    - target: {fileID: 1152148028396695617, guid: eafd669f1ac56a741ae6de15d2b017c0, type: 3}
      propertyPath: m_Color.r
      value: 0
      objectReference: {fileID: 0}
    - target: {fileID: 1152148029892650062, guid: eafd669f1ac56a741ae6de15d2b017c0, type: 3}
      propertyPath: m_Name
      value: tile (3)
      objectReference: {fileID: 0}
    - target: {fileID: 1152148029892650099, guid: eafd669f1ac56a741ae6de15d2b017c0, type: 3}
      propertyPath: m_RootOrder
      value: -1
      objectReference: {fileID: 0}
    - target: {fileID: 1152148029892650099, guid: eafd669f1ac56a741ae6de15d2b017c0, type: 3}
      propertyPath: m_LocalPosition.x
      value: -0.2594061
      objectReference: {fileID: 0}
    - target: {fileID: 1152148029892650099, guid: eafd669f1ac56a741ae6de15d2b017c0, type: 3}
      propertyPath: m_LocalPosition.y
      value: -0.063369155
      objectReference: {fileID: 0}
    - target: {fileID: 1152148029892650099, guid: eafd669f1ac56a741ae6de15d2b017c0, type: 3}
      propertyPath: m_LocalPosition.z
      value: -1.0445817
      objectReference: {fileID: 0}
    - target: {fileID: 1152148029892650099, guid: eafd669f1ac56a741ae6de15d2b017c0, type: 3}
      propertyPath: m_LocalRotation.w
      value: 1
      objectReference: {fileID: 0}
    - target: {fileID: 1152148029892650099, guid: eafd669f1ac56a741ae6de15d2b017c0, type: 3}
      propertyPath: m_LocalRotation.x
      value: -0
      objectReference: {fileID: 0}
    - target: {fileID: 1152148029892650099, guid: eafd669f1ac56a741ae6de15d2b017c0, type: 3}
      propertyPath: m_LocalRotation.y
      value: -0
      objectReference: {fileID: 0}
    - target: {fileID: 1152148029892650099, guid: eafd669f1ac56a741ae6de15d2b017c0, type: 3}
      propertyPath: m_LocalRotation.z
      value: -0
      objectReference: {fileID: 0}
    - target: {fileID: 1152148029892650099, guid: eafd669f1ac56a741ae6de15d2b017c0, type: 3}
      propertyPath: m_LocalEulerAnglesHint.x
      value: 0
      objectReference: {fileID: 0}
    - target: {fileID: 1152148029892650099, guid: eafd669f1ac56a741ae6de15d2b017c0, type: 3}
      propertyPath: m_LocalEulerAnglesHint.y
      value: 0
      objectReference: {fileID: 0}
    - target: {fileID: 1152148029892650099, guid: eafd669f1ac56a741ae6de15d2b017c0, type: 3}
      propertyPath: m_LocalEulerAnglesHint.z
      value: 0
      objectReference: {fileID: 0}
    m_RemovedComponents: []
    m_RemovedGameObjects: []
    m_AddedGameObjects: []
    m_AddedComponents: []
  m_SourcePrefab: {fileID: 100100000, guid: eafd669f1ac56a741ae6de15d2b017c0, type: 3}
--- !u!114 &431020596421457448 stripped
MonoBehaviour:
  m_CorrespondingSourceObject: {fileID: 5642020541392083234, guid: eafd669f1ac56a741ae6de15d2b017c0, type: 3}
  m_PrefabInstance: {fileID: 5455883593621581578}
  m_PrefabAsset: {fileID: 0}
  m_GameObject: {fileID: 0}
  m_Enabled: 1
  m_EditorHideFlags: 0
  m_Script: {fileID: 11500000, guid: 43a1397019db0554ca2e85e94cff59c9, type: 3}
  m_Name: 
  m_EditorClassIdentifier: 
--- !u!4 &4920870610958601081 stripped
Transform:
  m_CorrespondingSourceObject: {fileID: 1152148029892650099, guid: eafd669f1ac56a741ae6de15d2b017c0, type: 3}
  m_PrefabInstance: {fileID: 5455883593621581578}
  m_PrefabAsset: {fileID: 0}
--- !u!1001 &5580891188907689239
PrefabInstance:
  m_ObjectHideFlags: 0
  serializedVersion: 2
  m_Modification:
    serializedVersion: 3
    m_TransformParent: {fileID: 3645269225835059025}
    m_Modifications:
    - target: {fileID: 1152148028396695617, guid: eafd669f1ac56a741ae6de15d2b017c0, type: 3}
      propertyPath: m_Color.b
      value: 1
      objectReference: {fileID: 0}
    - target: {fileID: 1152148028396695617, guid: eafd669f1ac56a741ae6de15d2b017c0, type: 3}
      propertyPath: m_Color.g
      value: 0
      objectReference: {fileID: 0}
    - target: {fileID: 1152148028396695617, guid: eafd669f1ac56a741ae6de15d2b017c0, type: 3}
      propertyPath: m_Color.r
      value: 0
      objectReference: {fileID: 0}
    - target: {fileID: 1152148029892650062, guid: eafd669f1ac56a741ae6de15d2b017c0, type: 3}
      propertyPath: m_Name
      value: tile
      objectReference: {fileID: 0}
    - target: {fileID: 1152148029892650099, guid: eafd669f1ac56a741ae6de15d2b017c0, type: 3}
      propertyPath: m_RootOrder
      value: -1
      objectReference: {fileID: 0}
    - target: {fileID: 1152148029892650099, guid: eafd669f1ac56a741ae6de15d2b017c0, type: 3}
      propertyPath: m_LocalPosition.x
      value: -0.2594061
      objectReference: {fileID: 0}
    - target: {fileID: 1152148029892650099, guid: eafd669f1ac56a741ae6de15d2b017c0, type: 3}
      propertyPath: m_LocalPosition.y
      value: -0.063369155
      objectReference: {fileID: 0}
    - target: {fileID: 1152148029892650099, guid: eafd669f1ac56a741ae6de15d2b017c0, type: 3}
      propertyPath: m_LocalPosition.z
      value: -1.0445817
      objectReference: {fileID: 0}
    - target: {fileID: 1152148029892650099, guid: eafd669f1ac56a741ae6de15d2b017c0, type: 3}
      propertyPath: m_LocalRotation.w
      value: 1
      objectReference: {fileID: 0}
    - target: {fileID: 1152148029892650099, guid: eafd669f1ac56a741ae6de15d2b017c0, type: 3}
      propertyPath: m_LocalRotation.x
      value: -0
      objectReference: {fileID: 0}
    - target: {fileID: 1152148029892650099, guid: eafd669f1ac56a741ae6de15d2b017c0, type: 3}
      propertyPath: m_LocalRotation.y
      value: -0
      objectReference: {fileID: 0}
    - target: {fileID: 1152148029892650099, guid: eafd669f1ac56a741ae6de15d2b017c0, type: 3}
      propertyPath: m_LocalRotation.z
      value: -0
      objectReference: {fileID: 0}
    - target: {fileID: 1152148029892650099, guid: eafd669f1ac56a741ae6de15d2b017c0, type: 3}
      propertyPath: m_LocalEulerAnglesHint.x
      value: 0
      objectReference: {fileID: 0}
    - target: {fileID: 1152148029892650099, guid: eafd669f1ac56a741ae6de15d2b017c0, type: 3}
      propertyPath: m_LocalEulerAnglesHint.y
      value: 0
      objectReference: {fileID: 0}
    - target: {fileID: 1152148029892650099, guid: eafd669f1ac56a741ae6de15d2b017c0, type: 3}
      propertyPath: m_LocalEulerAnglesHint.z
      value: 0
      objectReference: {fileID: 0}
    m_RemovedComponents: []
    m_RemovedGameObjects: []
    m_AddedGameObjects: []
    m_AddedComponents: []
  m_SourcePrefab: {fileID: 100100000, guid: eafd669f1ac56a741ae6de15d2b017c0, type: 3}
--- !u!114 &233964244001004597 stripped
MonoBehaviour:
  m_CorrespondingSourceObject: {fileID: 5642020541392083234, guid: eafd669f1ac56a741ae6de15d2b017c0, type: 3}
  m_PrefabInstance: {fileID: 5580891188907689239}
  m_PrefabAsset: {fileID: 0}
  m_GameObject: {fileID: 0}
  m_Enabled: 1
  m_EditorHideFlags: 0
  m_Script: {fileID: 11500000, guid: 43a1397019db0554ca2e85e94cff59c9, type: 3}
  m_Name: 
  m_EditorClassIdentifier: 
--- !u!4 &4795786530861457764 stripped
Transform:
  m_CorrespondingSourceObject: {fileID: 1152148029892650099, guid: eafd669f1ac56a741ae6de15d2b017c0, type: 3}
  m_PrefabInstance: {fileID: 5580891188907689239}
  m_PrefabAsset: {fileID: 0}
--- !u!1001 &6003106276157827516
PrefabInstance:
  m_ObjectHideFlags: 0
  serializedVersion: 2
  m_Modification:
    serializedVersion: 3
    m_TransformParent: {fileID: 3645269225835059025}
    m_Modifications:
    - target: {fileID: 1152148028396695617, guid: eafd669f1ac56a741ae6de15d2b017c0, type: 3}
      propertyPath: m_Color.b
      value: 1
      objectReference: {fileID: 0}
    - target: {fileID: 1152148028396695617, guid: eafd669f1ac56a741ae6de15d2b017c0, type: 3}
      propertyPath: m_Color.g
      value: 0
      objectReference: {fileID: 0}
    - target: {fileID: 1152148028396695617, guid: eafd669f1ac56a741ae6de15d2b017c0, type: 3}
      propertyPath: m_Color.r
      value: 0
      objectReference: {fileID: 0}
    - target: {fileID: 1152148029892650062, guid: eafd669f1ac56a741ae6de15d2b017c0, type: 3}
      propertyPath: m_Name
      value: tile (14)
      objectReference: {fileID: 0}
    - target: {fileID: 1152148029892650099, guid: eafd669f1ac56a741ae6de15d2b017c0, type: 3}
      propertyPath: m_RootOrder
      value: -1
      objectReference: {fileID: 0}
    - target: {fileID: 1152148029892650099, guid: eafd669f1ac56a741ae6de15d2b017c0, type: 3}
      propertyPath: m_LocalPosition.x
      value: -0.2594061
      objectReference: {fileID: 0}
    - target: {fileID: 1152148029892650099, guid: eafd669f1ac56a741ae6de15d2b017c0, type: 3}
      propertyPath: m_LocalPosition.y
      value: -0.063369155
      objectReference: {fileID: 0}
    - target: {fileID: 1152148029892650099, guid: eafd669f1ac56a741ae6de15d2b017c0, type: 3}
      propertyPath: m_LocalPosition.z
      value: -1.0445817
      objectReference: {fileID: 0}
    - target: {fileID: 1152148029892650099, guid: eafd669f1ac56a741ae6de15d2b017c0, type: 3}
      propertyPath: m_LocalRotation.w
      value: 1
      objectReference: {fileID: 0}
    - target: {fileID: 1152148029892650099, guid: eafd669f1ac56a741ae6de15d2b017c0, type: 3}
      propertyPath: m_LocalRotation.x
      value: -0
      objectReference: {fileID: 0}
    - target: {fileID: 1152148029892650099, guid: eafd669f1ac56a741ae6de15d2b017c0, type: 3}
      propertyPath: m_LocalRotation.y
      value: -0
      objectReference: {fileID: 0}
    - target: {fileID: 1152148029892650099, guid: eafd669f1ac56a741ae6de15d2b017c0, type: 3}
      propertyPath: m_LocalRotation.z
      value: -0
      objectReference: {fileID: 0}
    - target: {fileID: 1152148029892650099, guid: eafd669f1ac56a741ae6de15d2b017c0, type: 3}
      propertyPath: m_LocalEulerAnglesHint.x
      value: 0
      objectReference: {fileID: 0}
    - target: {fileID: 1152148029892650099, guid: eafd669f1ac56a741ae6de15d2b017c0, type: 3}
      propertyPath: m_LocalEulerAnglesHint.y
      value: 0
      objectReference: {fileID: 0}
    - target: {fileID: 1152148029892650099, guid: eafd669f1ac56a741ae6de15d2b017c0, type: 3}
      propertyPath: m_LocalEulerAnglesHint.z
      value: 0
      objectReference: {fileID: 0}
    m_RemovedComponents: []
    m_RemovedGameObjects: []
    m_AddedGameObjects: []
    m_AddedComponents: []
  m_SourcePrefab: {fileID: 100100000, guid: eafd669f1ac56a741ae6de15d2b017c0, type: 3}
--- !u!114 &2090561450437243038 stripped
MonoBehaviour:
  m_CorrespondingSourceObject: {fileID: 5642020541392083234, guid: eafd669f1ac56a741ae6de15d2b017c0, type: 3}
  m_PrefabInstance: {fileID: 6003106276157827516}
  m_PrefabAsset: {fileID: 0}
  m_GameObject: {fileID: 0}
  m_Enabled: 1
  m_EditorHideFlags: 0
  m_Script: {fileID: 11500000, guid: 43a1397019db0554ca2e85e94cff59c9, type: 3}
  m_Name: 
  m_EditorClassIdentifier: 
--- !u!4 &6679420839590677967 stripped
Transform:
  m_CorrespondingSourceObject: {fileID: 1152148029892650099, guid: eafd669f1ac56a741ae6de15d2b017c0, type: 3}
  m_PrefabInstance: {fileID: 6003106276157827516}
  m_PrefabAsset: {fileID: 0}
--- !u!1001 &6667166734356353807
PrefabInstance:
  m_ObjectHideFlags: 0
  serializedVersion: 2
  m_Modification:
    serializedVersion: 3
    m_TransformParent: {fileID: 3645269225835059025}
    m_Modifications:
    - target: {fileID: 1152148028396695617, guid: eafd669f1ac56a741ae6de15d2b017c0, type: 3}
      propertyPath: m_Color.b
      value: 1
      objectReference: {fileID: 0}
    - target: {fileID: 1152148028396695617, guid: eafd669f1ac56a741ae6de15d2b017c0, type: 3}
      propertyPath: m_Color.g
      value: 0
      objectReference: {fileID: 0}
    - target: {fileID: 1152148028396695617, guid: eafd669f1ac56a741ae6de15d2b017c0, type: 3}
      propertyPath: m_Color.r
      value: 0
      objectReference: {fileID: 0}
    - target: {fileID: 1152148029892650062, guid: eafd669f1ac56a741ae6de15d2b017c0, type: 3}
      propertyPath: m_Name
      value: tile (17)
      objectReference: {fileID: 0}
    - target: {fileID: 1152148029892650099, guid: eafd669f1ac56a741ae6de15d2b017c0, type: 3}
      propertyPath: m_RootOrder
      value: -1
      objectReference: {fileID: 0}
    - target: {fileID: 1152148029892650099, guid: eafd669f1ac56a741ae6de15d2b017c0, type: 3}
      propertyPath: m_LocalPosition.x
      value: -0.2594061
      objectReference: {fileID: 0}
    - target: {fileID: 1152148029892650099, guid: eafd669f1ac56a741ae6de15d2b017c0, type: 3}
      propertyPath: m_LocalPosition.y
      value: -0.063369155
      objectReference: {fileID: 0}
    - target: {fileID: 1152148029892650099, guid: eafd669f1ac56a741ae6de15d2b017c0, type: 3}
      propertyPath: m_LocalPosition.z
      value: -1.0445817
      objectReference: {fileID: 0}
    - target: {fileID: 1152148029892650099, guid: eafd669f1ac56a741ae6de15d2b017c0, type: 3}
      propertyPath: m_LocalRotation.w
      value: 1
      objectReference: {fileID: 0}
    - target: {fileID: 1152148029892650099, guid: eafd669f1ac56a741ae6de15d2b017c0, type: 3}
      propertyPath: m_LocalRotation.x
      value: -0
      objectReference: {fileID: 0}
    - target: {fileID: 1152148029892650099, guid: eafd669f1ac56a741ae6de15d2b017c0, type: 3}
      propertyPath: m_LocalRotation.y
      value: -0
      objectReference: {fileID: 0}
    - target: {fileID: 1152148029892650099, guid: eafd669f1ac56a741ae6de15d2b017c0, type: 3}
      propertyPath: m_LocalRotation.z
      value: -0
      objectReference: {fileID: 0}
    - target: {fileID: 1152148029892650099, guid: eafd669f1ac56a741ae6de15d2b017c0, type: 3}
      propertyPath: m_LocalEulerAnglesHint.x
      value: 0
      objectReference: {fileID: 0}
    - target: {fileID: 1152148029892650099, guid: eafd669f1ac56a741ae6de15d2b017c0, type: 3}
      propertyPath: m_LocalEulerAnglesHint.y
      value: 0
      objectReference: {fileID: 0}
    - target: {fileID: 1152148029892650099, guid: eafd669f1ac56a741ae6de15d2b017c0, type: 3}
      propertyPath: m_LocalEulerAnglesHint.z
      value: 0
      objectReference: {fileID: 0}
    m_RemovedComponents: []
    m_RemovedGameObjects: []
    m_AddedGameObjects: []
    m_AddedComponents: []
  m_SourcePrefab: {fileID: 100100000, guid: eafd669f1ac56a741ae6de15d2b017c0, type: 3}
--- !u!114 &1354161923234286125 stripped
MonoBehaviour:
  m_CorrespondingSourceObject: {fileID: 5642020541392083234, guid: eafd669f1ac56a741ae6de15d2b017c0, type: 3}
  m_PrefabInstance: {fileID: 6667166734356353807}
  m_PrefabAsset: {fileID: 0}
  m_GameObject: {fileID: 0}
  m_Enabled: 1
  m_EditorHideFlags: 0
  m_Script: {fileID: 11500000, guid: 43a1397019db0554ca2e85e94cff59c9, type: 3}
  m_Name: 
  m_EditorClassIdentifier: 
--- !u!4 &6015621996727400316 stripped
Transform:
  m_CorrespondingSourceObject: {fileID: 1152148029892650099, guid: eafd669f1ac56a741ae6de15d2b017c0, type: 3}
  m_PrefabInstance: {fileID: 6667166734356353807}
  m_PrefabAsset: {fileID: 0}
--- !u!1001 &7238531817117011484
PrefabInstance:
  m_ObjectHideFlags: 0
  serializedVersion: 2
  m_Modification:
    serializedVersion: 3
    m_TransformParent: {fileID: 3645269225835059025}
    m_Modifications:
    - target: {fileID: 1152148028396695617, guid: eafd669f1ac56a741ae6de15d2b017c0, type: 3}
      propertyPath: m_Color.b
      value: 1
      objectReference: {fileID: 0}
    - target: {fileID: 1152148028396695617, guid: eafd669f1ac56a741ae6de15d2b017c0, type: 3}
      propertyPath: m_Color.g
      value: 0
      objectReference: {fileID: 0}
    - target: {fileID: 1152148028396695617, guid: eafd669f1ac56a741ae6de15d2b017c0, type: 3}
      propertyPath: m_Color.r
      value: 0
      objectReference: {fileID: 0}
    - target: {fileID: 1152148029892650062, guid: eafd669f1ac56a741ae6de15d2b017c0, type: 3}
      propertyPath: m_Name
      value: tile (12)
      objectReference: {fileID: 0}
    - target: {fileID: 1152148029892650099, guid: eafd669f1ac56a741ae6de15d2b017c0, type: 3}
      propertyPath: m_RootOrder
      value: -1
      objectReference: {fileID: 0}
    - target: {fileID: 1152148029892650099, guid: eafd669f1ac56a741ae6de15d2b017c0, type: 3}
      propertyPath: m_LocalPosition.x
      value: -0.2594061
      objectReference: {fileID: 0}
    - target: {fileID: 1152148029892650099, guid: eafd669f1ac56a741ae6de15d2b017c0, type: 3}
      propertyPath: m_LocalPosition.y
      value: -0.063369155
      objectReference: {fileID: 0}
    - target: {fileID: 1152148029892650099, guid: eafd669f1ac56a741ae6de15d2b017c0, type: 3}
      propertyPath: m_LocalPosition.z
      value: -1.0445817
      objectReference: {fileID: 0}
    - target: {fileID: 1152148029892650099, guid: eafd669f1ac56a741ae6de15d2b017c0, type: 3}
      propertyPath: m_LocalRotation.w
      value: 1
      objectReference: {fileID: 0}
    - target: {fileID: 1152148029892650099, guid: eafd669f1ac56a741ae6de15d2b017c0, type: 3}
      propertyPath: m_LocalRotation.x
      value: -0
      objectReference: {fileID: 0}
    - target: {fileID: 1152148029892650099, guid: eafd669f1ac56a741ae6de15d2b017c0, type: 3}
      propertyPath: m_LocalRotation.y
      value: -0
      objectReference: {fileID: 0}
    - target: {fileID: 1152148029892650099, guid: eafd669f1ac56a741ae6de15d2b017c0, type: 3}
      propertyPath: m_LocalRotation.z
      value: -0
      objectReference: {fileID: 0}
    - target: {fileID: 1152148029892650099, guid: eafd669f1ac56a741ae6de15d2b017c0, type: 3}
      propertyPath: m_LocalEulerAnglesHint.x
      value: 0
      objectReference: {fileID: 0}
    - target: {fileID: 1152148029892650099, guid: eafd669f1ac56a741ae6de15d2b017c0, type: 3}
      propertyPath: m_LocalEulerAnglesHint.y
      value: 0
      objectReference: {fileID: 0}
    - target: {fileID: 1152148029892650099, guid: eafd669f1ac56a741ae6de15d2b017c0, type: 3}
      propertyPath: m_LocalEulerAnglesHint.z
      value: 0
      objectReference: {fileID: 0}
    m_RemovedComponents: []
    m_RemovedGameObjects: []
    m_AddedGameObjects: []
    m_AddedComponents: []
  m_SourcePrefab: {fileID: 100100000, guid: eafd669f1ac56a741ae6de15d2b017c0, type: 3}
--- !u!114 &3042205309117306686 stripped
MonoBehaviour:
  m_CorrespondingSourceObject: {fileID: 5642020541392083234, guid: eafd669f1ac56a741ae6de15d2b017c0, type: 3}
  m_PrefabInstance: {fileID: 7238531817117011484}
  m_PrefabAsset: {fileID: 0}
  m_GameObject: {fileID: 0}
  m_Enabled: 1
  m_EditorHideFlags: 0
  m_Script: {fileID: 11500000, guid: 43a1397019db0554ca2e85e94cff59c9, type: 3}
  m_Name: 
  m_EditorClassIdentifier: 
--- !u!4 &7748776111012948591 stripped
Transform:
  m_CorrespondingSourceObject: {fileID: 1152148029892650099, guid: eafd669f1ac56a741ae6de15d2b017c0, type: 3}
  m_PrefabInstance: {fileID: 7238531817117011484}
  m_PrefabAsset: {fileID: 0}
--- !u!1001 &7710018833450756641
PrefabInstance:
  m_ObjectHideFlags: 0
  serializedVersion: 2
  m_Modification:
    serializedVersion: 3
    m_TransformParent: {fileID: 3645269225835059025}
    m_Modifications:
    - target: {fileID: 1152148028396695617, guid: eafd669f1ac56a741ae6de15d2b017c0, type: 3}
      propertyPath: m_Color.b
      value: 1
      objectReference: {fileID: 0}
    - target: {fileID: 1152148028396695617, guid: eafd669f1ac56a741ae6de15d2b017c0, type: 3}
      propertyPath: m_Color.g
      value: 0
      objectReference: {fileID: 0}
    - target: {fileID: 1152148028396695617, guid: eafd669f1ac56a741ae6de15d2b017c0, type: 3}
      propertyPath: m_Color.r
      value: 0
      objectReference: {fileID: 0}
    - target: {fileID: 1152148029892650062, guid: eafd669f1ac56a741ae6de15d2b017c0, type: 3}
      propertyPath: m_Name
      value: tile (11)
      objectReference: {fileID: 0}
    - target: {fileID: 1152148029892650099, guid: eafd669f1ac56a741ae6de15d2b017c0, type: 3}
      propertyPath: m_RootOrder
      value: -1
      objectReference: {fileID: 0}
    - target: {fileID: 1152148029892650099, guid: eafd669f1ac56a741ae6de15d2b017c0, type: 3}
      propertyPath: m_LocalPosition.x
      value: -0.2594061
      objectReference: {fileID: 0}
    - target: {fileID: 1152148029892650099, guid: eafd669f1ac56a741ae6de15d2b017c0, type: 3}
      propertyPath: m_LocalPosition.y
      value: -0.063369155
      objectReference: {fileID: 0}
    - target: {fileID: 1152148029892650099, guid: eafd669f1ac56a741ae6de15d2b017c0, type: 3}
      propertyPath: m_LocalPosition.z
      value: -1.0445817
      objectReference: {fileID: 0}
    - target: {fileID: 1152148029892650099, guid: eafd669f1ac56a741ae6de15d2b017c0, type: 3}
      propertyPath: m_LocalRotation.w
      value: 1
      objectReference: {fileID: 0}
    - target: {fileID: 1152148029892650099, guid: eafd669f1ac56a741ae6de15d2b017c0, type: 3}
      propertyPath: m_LocalRotation.x
      value: -0
      objectReference: {fileID: 0}
    - target: {fileID: 1152148029892650099, guid: eafd669f1ac56a741ae6de15d2b017c0, type: 3}
      propertyPath: m_LocalRotation.y
      value: -0
      objectReference: {fileID: 0}
    - target: {fileID: 1152148029892650099, guid: eafd669f1ac56a741ae6de15d2b017c0, type: 3}
      propertyPath: m_LocalRotation.z
      value: -0
      objectReference: {fileID: 0}
    - target: {fileID: 1152148029892650099, guid: eafd669f1ac56a741ae6de15d2b017c0, type: 3}
      propertyPath: m_LocalEulerAnglesHint.x
      value: 0
      objectReference: {fileID: 0}
    - target: {fileID: 1152148029892650099, guid: eafd669f1ac56a741ae6de15d2b017c0, type: 3}
      propertyPath: m_LocalEulerAnglesHint.y
      value: 0
      objectReference: {fileID: 0}
    - target: {fileID: 1152148029892650099, guid: eafd669f1ac56a741ae6de15d2b017c0, type: 3}
      propertyPath: m_LocalEulerAnglesHint.z
      value: 0
      objectReference: {fileID: 0}
    m_RemovedComponents: []
    m_RemovedGameObjects: []
    m_AddedGameObjects: []
    m_AddedComponents: []
  m_SourcePrefab: {fileID: 100100000, guid: eafd669f1ac56a741ae6de15d2b017c0, type: 3}
--- !u!114 &2644464611981964035 stripped
MonoBehaviour:
  m_CorrespondingSourceObject: {fileID: 5642020541392083234, guid: eafd669f1ac56a741ae6de15d2b017c0, type: 3}
  m_PrefabInstance: {fileID: 7710018833450756641}
  m_PrefabAsset: {fileID: 0}
  m_GameObject: {fileID: 0}
  m_Enabled: 1
  m_EditorHideFlags: 0
  m_Script: {fileID: 11500000, guid: 43a1397019db0554ca2e85e94cff59c9, type: 3}
  m_Name: 
  m_EditorClassIdentifier: 
--- !u!4 &7278447846671355474 stripped
Transform:
  m_CorrespondingSourceObject: {fileID: 1152148029892650099, guid: eafd669f1ac56a741ae6de15d2b017c0, type: 3}
  m_PrefabInstance: {fileID: 7710018833450756641}
  m_PrefabAsset: {fileID: 0}
--- !u!1001 &8593565200799928807
PrefabInstance:
  m_ObjectHideFlags: 0
  serializedVersion: 2
  m_Modification:
    serializedVersion: 3
    m_TransformParent: {fileID: 3645269225835059025}
    m_Modifications:
    - target: {fileID: 1152148028396695617, guid: eafd669f1ac56a741ae6de15d2b017c0, type: 3}
      propertyPath: m_Color.b
      value: 1
      objectReference: {fileID: 0}
    - target: {fileID: 1152148028396695617, guid: eafd669f1ac56a741ae6de15d2b017c0, type: 3}
      propertyPath: m_Color.g
      value: 0
      objectReference: {fileID: 0}
    - target: {fileID: 1152148028396695617, guid: eafd669f1ac56a741ae6de15d2b017c0, type: 3}
      propertyPath: m_Color.r
      value: 0
      objectReference: {fileID: 0}
    - target: {fileID: 1152148029892650062, guid: eafd669f1ac56a741ae6de15d2b017c0, type: 3}
      propertyPath: m_Name
      value: tile (18)
      objectReference: {fileID: 0}
    - target: {fileID: 1152148029892650099, guid: eafd669f1ac56a741ae6de15d2b017c0, type: 3}
      propertyPath: m_RootOrder
      value: -1
      objectReference: {fileID: 0}
    - target: {fileID: 1152148029892650099, guid: eafd669f1ac56a741ae6de15d2b017c0, type: 3}
      propertyPath: m_LocalPosition.x
      value: -0.2594061
      objectReference: {fileID: 0}
    - target: {fileID: 1152148029892650099, guid: eafd669f1ac56a741ae6de15d2b017c0, type: 3}
      propertyPath: m_LocalPosition.y
      value: -0.063369155
      objectReference: {fileID: 0}
    - target: {fileID: 1152148029892650099, guid: eafd669f1ac56a741ae6de15d2b017c0, type: 3}
      propertyPath: m_LocalPosition.z
      value: -1.0445817
      objectReference: {fileID: 0}
    - target: {fileID: 1152148029892650099, guid: eafd669f1ac56a741ae6de15d2b017c0, type: 3}
      propertyPath: m_LocalRotation.w
      value: 1
      objectReference: {fileID: 0}
    - target: {fileID: 1152148029892650099, guid: eafd669f1ac56a741ae6de15d2b017c0, type: 3}
      propertyPath: m_LocalRotation.x
      value: -0
      objectReference: {fileID: 0}
    - target: {fileID: 1152148029892650099, guid: eafd669f1ac56a741ae6de15d2b017c0, type: 3}
      propertyPath: m_LocalRotation.y
      value: -0
      objectReference: {fileID: 0}
    - target: {fileID: 1152148029892650099, guid: eafd669f1ac56a741ae6de15d2b017c0, type: 3}
      propertyPath: m_LocalRotation.z
      value: -0
      objectReference: {fileID: 0}
    - target: {fileID: 1152148029892650099, guid: eafd669f1ac56a741ae6de15d2b017c0, type: 3}
      propertyPath: m_LocalEulerAnglesHint.x
      value: 0
      objectReference: {fileID: 0}
    - target: {fileID: 1152148029892650099, guid: eafd669f1ac56a741ae6de15d2b017c0, type: 3}
      propertyPath: m_LocalEulerAnglesHint.y
      value: 0
      objectReference: {fileID: 0}
    - target: {fileID: 1152148029892650099, guid: eafd669f1ac56a741ae6de15d2b017c0, type: 3}
      propertyPath: m_LocalEulerAnglesHint.z
      value: 0
      objectReference: {fileID: 0}
    m_RemovedComponents: []
    m_RemovedGameObjects: []
    m_AddedGameObjects: []
    m_AddedComponents: []
  m_SourcePrefab: {fileID: 100100000, guid: eafd669f1ac56a741ae6de15d2b017c0, type: 3}
--- !u!114 &4111225497650153669 stripped
MonoBehaviour:
  m_CorrespondingSourceObject: {fileID: 5642020541392083234, guid: eafd669f1ac56a741ae6de15d2b017c0, type: 3}
  m_PrefabInstance: {fileID: 8593565200799928807}
  m_PrefabAsset: {fileID: 0}
  m_GameObject: {fileID: 0}
  m_Enabled: 1
  m_EditorHideFlags: 0
  m_Script: {fileID: 11500000, guid: 43a1397019db0554ca2e85e94cff59c9, type: 3}
  m_Name: 
  m_EditorClassIdentifier: 
--- !u!4 &8700737341997479316 stripped
Transform:
  m_CorrespondingSourceObject: {fileID: 1152148029892650099, guid: eafd669f1ac56a741ae6de15d2b017c0, type: 3}
  m_PrefabInstance: {fileID: 8593565200799928807}
  m_PrefabAsset: {fileID: 0}
